%%%%%%%%%%%%%%%%%%%%%%%%%%%%%%%%%%%%%%%%%%%%%%%%%%%%%%%%%%%%%%%%%%%%%%%%%
% Typy bibliografii:
%  - artykuł z czasopisma,
%  - artykuł z konferencji,
%  - materiały konferencyjne,
%  - książka,
%  - fragment książki,
%  - książka z serii,
%  - krótka broszura,
%  - praca magisterska,
%  - praca doktorska,
%  - instrukcja obsługi,
%  - raport techniczny,
%  - materiały nieopublikowane,
%  - inne typy materiałów źródłowych.
% Więcej informacji na stronie https://www.bibtex.com/
%%%%%%%%%%%%%%%%%%%%%%%%%%%%%%%%%%%%%%%%%%%%%%%%%%%%%%%%%%%%%%%%%%%%%%%%%

@book{gawedzki2010,
    author = {Wacław Gawędzki},
    title = {Pomiary elektryczne wielkości nieelektrycznych},
    publisher = {Wydawnictwa AGH},
    address={Kraków},
    year = {2010},
}
@book{tumanski2007,
    author = {Sławomir Tumański},
    title = {Technika pomiarowa},
    publisher = {WNT},
    address={Warszawa},
    year = {2007},
}
@misc{rtd_norm,
    author = {{PN-EN 60751:2009}},
    title = {Czujniki platynowe przemysłowych termometrów rezystancyjnych i
    platynowe czujniki temperatury},
}
@misc{ni-temperature,
    title = {Overview of Temperature Sensors},
    note={\href{https://www.ni.com/en-us/innovations/white-papers/06/overview-of-temperature-sensors.html}
    {<https://www.ni.com/en-us/innovations/white-papers/06/overview-of-temperature-sensors.html>},
    dostęp uzyskano: 2021-11}
}
@manual{thermocouple,
  title = {Thermocouples},
  note = {\href{https://www.madur.com/pdf/article/en/Thermocouples\_EN.pdf}
  {<https://www.madur.com/pdf/article/en/Thermocouples\_EN.pdf>},
  dostęp uzyskano: 2022-01-05}
}
@misc{self-heating,
    title = {RTDs -- Application and Technical Data},
    note={\href{https://www.thermosensors.com/rtd/definitions/}
    {<https://www.thermosensors.com/rtd/definitions/>},
    dostęp uzyskano: 2022-01}
}
@book{hoffman1989,
    author = {K. Hoffman},
    title = {An introduction to measurements using strain gages},
    publisher = {HBM GmbH},
    address={Darmstadt},
    year = {1989},
}
@misc{ni-strain,
    title = {Measuring Strain with Strain Gages},
    note={\href{https://www.ni.com/en-us/innovations/white-papers/07/measuring-strain-with-strain-gages.html}
    {<https://www.ni.com/en-us/innovations/white-papers/07/measuring-strain-with-strain-gages.html>},
    dostęp uzyskano: 2021-11}
}
@book{milek2006,
    author = {M. Miłek},
    title = {Metrologia elektryczna wielkości nieelektrycznych},
    publisher = {Oficyna Wydawnicza Uniwerytetu Zielonogórskiego},
    address={Zielona Góra},
    year = {2006},
}
@unpublished{sensory_wykład,
  author = {Andrzej Michalski and Bogdan Dziadak},
  title  = {Przetworniki i Sensory, materiały do wykładu},
  note   = {dostęp uzyskano: 2020-03},
}
@misc{react-main,
    title = {React, A Javascript library for building user interfaces},
    note={\href{https://reactjs.org/}{<https://reactjs.org/>},
    dostęp uzyskano: 2021-11}
}
@misc{react-docs,
    note={Dokumentacja frameworku React \href{https://reactjs.org/docs}
    {<https://reactjs.org/docs/>},
    dostęp uzyskano: 2021-11}
}
@misc{nextjs-main,
    title = {The React Framework for Production},
    note={\href{https://nextjs.org/}{<https://nextjs.org/>},
    dostęp uzyskano: 2021-11}
}
@misc{nextjs-docs,
    note={Dokumentacja frameworku Next.js \href{https://nextjs.org/docs}
    {<https://nextjs.org/docs>},
    dostęp uzyskano: 2021-11}
}
@misc{ts-main,
    title = {TypeScript is JavaScript with syntax for types},
    note={\href{https://www.typescriptlang.org/}
    {<https://www.typescriptlang.org/>}, dostęp uzyskano: 2021-11}
}
@misc{ts-docs,
    note={Dokumentacja języka Typescript \href{https://www.typescriptlang.org/docs/}
    {<https://www.typescriptlang.org/docs/>},
    dostęp uzyskano: 2021-11}
}
@misc{snyk-licences,
    title={What Is a Software License?},
    note={Typy licencji oprogramowania
    \href{https://snyk.io/learn/what-is-a-software-license/}
    {<https://snyk.io/learn/what-is-a-software-license>},
    dostęp uzyskano: 2022-01-13}
}
@misc{snyk-mit,
    title={What is the MIT License?},
    note={\href{https://snyk.io/learn/what-is-mit-license/}
    {<https://snyk.io/learn/what-is-mit-license/>},
    dostęp uzyskano: 2022-01-13}
}
@inproceedings{component-programming,
author = {He, Jifeng and Liu, Zhiming and Zhan, Naijun},
year = {2007},
month = {04},
pages = {191-206},
title = {A Model of Component-Based Programming},
doi = {10.1007/978-3-540-75698-9_13}
}
@misc{chakra-docs,
    note={Dokumentacja biblioteki Chakra UI \href{https://chakra-ui.com/docs/}
    {<https://chakra-ui.com/docs/>},
    dostęp uzyskano: 2021-11}
}

%%%%%%%%%%%%%%%%%%%%%%%%%%%%%%%%%%%%%%%%%%%%%%%%%%%%%%%%%%%%%%%%%%%%%%%%%
% Artykuły naukowe z czasopism i konferencji
%%%%%%%%%%%%%%%%%%%%%%%%%%%%%%%%%%%%%%%%%%%%%%%%%%%%%%%%%%%%%%%%%%%%%%%%%
% Article - artykuł z czasopisma.
% Wymagane pola: author, title, journal, year.
% Opcjonalne pola: volume, number, pages, month, note.
@Article{maxwell1865,
    author  = {James Clerk Maxwell},
    title   = {A Dynamical Theory of the Electromagnetic Field},
    journal = {Philosophical Transactions of the Royal Society},
    year    = {1865},
    number  = {155},
    pages   = {459-512},
    month   = {1},
    note    = {\href{https://royalsocietypublishing.org/doi/pdf/10.1098/rstl.1865.0008}{<https://royalsocietypublishing.org/doi/pdf/10.1098/rstl.1865.0008>}, dostęp uzyskano 2020-12-03},
}

%%%%%%%%%%%%%%%%%%%%%%%%%%%%%%%%%%%%%%%%%%%%%%%%%%%%%%%%%%%%%%%%%%%%%%%%%
% InProceedings - artykuły z konferencji
% Wymagane pola: author or editor, title, publisher, year.
% Opcjonalne pola: volume or number, series, address, edition, month, note.
@inproceedings{cichon1995,
    author  = {D. J. {Cichon} and W. {Wiesbeck}},
    title   = {The Heinrich Hertz wireless experiments at Karlsruhe in the view of modern communication},
    publisher   = {Institution of Engineering and Technology},
    year        = {1995},
}

%%%%%%%%%%%%%%%%%%%%%%%%%%%%%%%%%%%%%%%%%%%%%%%%%%%%%%%%%%%%%%%%%%%%%%%%%
% Proceedings - publikacja pokonferencyjna, zbiór artykułów z jednej konferencji
% Wymagane pola: title, year.
% Opcjonalne pola: editor, volume or number, series, address, publisher, note, month, organization.
@proceedings{cpee2018,
    title   = {19th International Conference Computational Problems of Electrical Engineering},
    year    = {2018},
    note    = {doi: \href{https://doi.org/10.1109/CPEE44871.2018}{10.1109/CPEE44871.2018}},
}

%%%%%%%%%%%%%%%%%%%%%%%%%%%%%%%%%%%%%%%%%%%%%%%%%%%%%%%%%%%%%%%%%%%%%%%%%
% Materiały książkowe
%%%%%%%%%%%%%%%%%%%%%%%%%%%%%%%%%%%%%%%%%%%%%%%%%%%%%%%%%%%%%%%%%%%%%%%%%
% Book - książka mająca wydawcę.
% Wymagane pola: author or editor, title, publisher, year.
% Opcjonalne pola: volume or number, series, address, edition, month, note.
@book{fowler2009,
    author    = {Kim Fowler},
    title     = {Mission-Critical and Safety-Critical Systems Handbook: Design and Development for Embedded Applications},
    publisher = {Newnes},
    year      = {2009},
    ISBN      = {978-0750685672},
}

%%%%%%%%%%%%%%%%%%%%%%%%%%%%%%%%%%%%%%%%%%%%%%%%%%%%%%%%%%%%%%%%%%%%%%%%%
% Inbook - część książki, na przykład rozdział i/lub zakres stron.
% Wymagane pola: author lub editor, title, chapter i/lub pages, publisher, year.
% Opcjonalne pola: volume or number, series, type, address, edition, month, note.
@inbook{leksinski1995,
  chapter   = {1-2},
  pages     = {9-232},
  title     = {Matematyka},
  publisher = {Wydawnictwa Naukowo-Techniczne},
  year      = {1995},
  author    = {Wojciech Żakowski and Wacław Leksiński},
}

%%%%%%%%%%%%%%%%%%%%%%%%%%%%%%%%%%%%%%%%%%%%%%%%%%%%%%%%%%%%%%%%%%%%%%%%%
% Incollection - część książki mająca własny tytuł, również książka z serii.
% Wymagane pola: author, title, booktitle, publisher, year.
% Opcjonalne pola: editor, volume or number, series, type, chapter, pages, address, edition, month, note.
@incollection{lncsevo,
  author    = {Gyu Myoung Lee and Noel Crespi and Jun Kyun Choi and Matthieu Boussard},
  title     = {Internet of Things},
  booktitle = {Evolution of Telecommunication Services},
  series    = {Lecture Notes in Computer Science},
  publisher = {Springer-Verlag Berlin Heidelberg},
  year      = {2013},
  editor    = {Emmanuel Bertin and Noel Crespi and Thomas Magedanz},
  volume    = {7768},
  isbn      = {978-3642415685},
}

%%%%%%%%%%%%%%%%%%%%%%%%%%%%%%%%%%%%%%%%%%%%%%%%%%%%%%%%%%%%%%%%%%%%%%%%%
% Booklet - praca, która została wydrukowana i oprawiona ale nie mająca wydawcy lub stojącej za nią instytucji, broszurka mająca 4-48 stron
% Wymagane pola: title.
% Opcjonalne pola: author, howpublished, address, month, year, note.
@booklet{giglio,
  author = {Pierluigi Giglio},
  title  = {Postmodernism and Plagiarism},
}

%%%%%%%%%%%%%%%%%%%%%%%%%%%%%%%%%%%%%%%%%%%%%%%%%%%%%%%%%%%%%%%%%%%%%%%%%
% MastersThesis - praca magisterska (uwaga: masters a nie master)
% Wymagane pola: author, title, school, year.
% Opcjonalne pola: type, address, month, note.
@mastersthesis{poirier2020,
    author  = {Izabela Poirier},
    title   = {Wykorzystanie technologii Blockchain w komunikacji urządzeń Internetu Rzeczy},
    school  = {Politechnika Warszawska, Wydział Elektryczny, Instytut Elektrotechniki Teoretycznej i Systemów Informacyjno-Pomiarowych},
    year    = {2020},
}

%%%%%%%%%%%%%%%%%%%%%%%%%%%%%%%%%%%%%%%%%%%%%%%%%%%%%%%%%%%%%%%%%%%%%%%%%
% phdthesis - praca doktorska
% Wymagane pola: author, title, school, year.
% Opcjonalne pola: type, address, month, note.
@phdthesis{truong2018,
    author  = {Nguyen Binh Truong},
    title   = {Evaluation of trust in the Internet of Things : models, mechanisms and applications},
    school  = {Liverpool John Moores University},
    year    = {2018},
    note    = {doi: \href{http://doi.org/10.24377/researchonline.ljmu.ac.uk.00009241}{10.24377/researchonline.ljmu.ac.uk.00009241}}
}

%%%%%%%%%%%%%%%%%%%%%%%%%%%%%%%%%%%%%%%%%%%%%%%%%%%%%%%%%%%%%%%%%%%%%%%%%
% Dokumenty techniczne
%%%%%%%%%%%%%%%%%%%%%%%%%%%%%%%%%%%%%%%%%%%%%%%%%%%%%%%%%%%%%%%%%%%%%%%%%
% manual - instrukcja obługi, specyfikacja techniczna, nota katalogowa (datasheet)
% Wymagane pola: title.
% Opcjonalne pola: author, organization, address, edition, month, year, note.
@manual{AN4230,
    title           = {STM32 microcontroller random number generation validation using the NIST statistical test suite},
    organization    = {STMicroelectronics},
    year            = {2020},
    month           = {8},
    note            = {AN4230},
}

%%%%%%%%%%%%%%%%%%%%%%%%%%%%%%%%%%%%%%%%%%%%%%%%%%%%%%%%%%%%%%%%%%%%%%%%%
% techreport - raport techniczny
% Wymagane pola: author, title, institution, year.
% Opcjonalne pola: type, number, address, month, note.
@techreport{nask2020,
    author      = {{Zespół CERT Polska}},   % Nietypowy autor - dodatkowe nawiasy powodują, że nie zostanie uznany za imię i nazwisko co byłoby komiczne (Polska Z. C.)
    title       = {Krajobraz bezpieczeństwa polskiego Internetu w 2019 roku},
    institution = {NASK -- Państwowy Instytut Badawczy},
    year        = {2020},
}

%%%%%%%%%%%%%%%%%%%%%%%%%%%%%%%%%%%%%%%%%%%%%%%%%%%%%%%%%%%%%%%%%%%%%%%%%
% Dokumenty nietypowe
%%%%%%%%%%%%%%%%%%%%%%%%%%%%%%%%%%%%%%%%%%%%%%%%%%%%%%%%%%%%%%%%%%%%%%%%%
% unpublished - dokument mający autora i tytuł ale nie opublikowany typowymi metodami
% Wymagane pola: author, title, note.
% Opcjonalne pola: month, year.
@unpublished{wilamowski2017,
  author    = {Maciej Wilamowski},
  title     = {,,Daj, ać ja pobruczę, a ty poczywaj''. Pierwsze zdanie po polsku w historii},
  note    = {\href{https://twojahistoria.pl/2017/11/21/daj-ac-ja-pobrucze-a-ty-poczywaj-co-powinienes-wiedziec-o-pierwszym-zdaniu-zapisanym-w-jezyku-polskim/}{<https://twojahistoria.pl/2017/11/21/daj-ac-ja-pobrucze-a-ty-poczywaj-co-powinienes-wiedziec-o-pierwszym-zdaniu-zapisanym-w-jezyku-polskim/>}, dostęp uzyskano 2020-12-03},
}

%%%%%%%%%%%%%%%%%%%%%%%%%%%%%%%%%%%%%%%%%%%%%%%%%%%%%%%%%%%%%%%%%%%%%%%%%
% misc - jeśli wszystkie inne kategorie nie pasują; przynajmniej jedno z pól opcjonalnych musi być użyte
% Wymagane pola: brak
% Opcjonalne pola: author, title, howpublished, month, year, note.
@misc{szablon,
    author  = {Łukasz Makowski},
    title   = {Szablon prac dyplomowych dla Wydziału Elektrycznego Politechniki Warszawskiej},
    howpublished    = {\href{https://github.com/SP5LMA/EEDyplom}{<https://github.com/SP5LMA/EEDyplom>}},
}

